<?xml version="1.0" encoding="UTF-8"?>
<collection xmlns:xsi="http://www.w3.org/2001/XMLSchema-instance" xsi:schemaLocation="http://www.loc.gov/MARC21/slim http://www.loc.gov/standards/marcxml/schema/MARC21slim.xsd" xmlns="http://www.loc.gov/MARC21/slim">
<record>
  <leader>00941cam a2200241 i 4500</leader>
  <controlfield tag="001">105878</controlfield>
  <controlfield tag="003">NNC</controlfield>
  <controlfield tag="005">20150817121021.0</controlfield>
  <controlfield tag="008">821008r19601880ir       d    000 0 ara d</controlfield>
  <datafield tag="035" ind1=" " ind2=" ">
    <subfield code="a">(OCoLC)502575364</subfield>
  </datafield>
  <datafield tag="035" ind1=" " ind2=" ">
    <subfield code="a">(OCoLC)ocn502575364</subfield>
  </datafield>
  <datafield tag="035" ind1=" " ind2=" ">
    <subfield code="a">(CStRLIN)NYCG82-B48480</subfield>
  </datafield>
  <datafield tag="035" ind1=" " ind2=" ">
    <subfield code="9">AAM2626CU</subfield>
  </datafield>
  <datafield tag="035" ind1=" " ind2=" ">
    <subfield code="a">(NNC)105878</subfield>
  </datafield>
  <datafield tag="040" ind1=" " ind2=" ">
    <subfield code="a">NNC</subfield>
    <subfield code="c">NNC</subfield>
  </datafield>
  <datafield tag="090" ind1=" " ind2=" ">
    <subfield code="a">PJ6620</subfield>
    <subfield code="b">.T87 1880a</subfield>
  </datafield>
  <datafield tag="100" ind1="1" ind2=" ">
    <subfield code="a">Ṭurayḥī, Fakhr al-Dīn,</subfield>
    <subfield code="d">1571 or 1572-1674 or 1675.</subfield>
  </datafield>
  <datafield tag="245" ind1="1" ind2="0">
    <subfield code="a">Majmaʻ al-baḥrayn /</subfield>
    <subfield code="c">ta'līf ... Shaykh Fakhr al-Dīn Ṭurayḥī ; bā taṣḥīḥ va muqābilah va ḥavāshī, maʻa muqaddimah li- ... Shihāb al-Dīn al-Najafī.</subfield>
  </datafield>
  <datafield tag="260" ind1=" " ind2=" ">
    <subfield code="a">Ṭihrān :</subfield>
    <subfield code="b">Kitābfurūshī Būz̄arjumahrī Muṣṭafavī,</subfield>
    <subfield code="c">1960</subfield>
  </datafield>
  <datafield tag="300" ind1=" " ind2=" ">
    <subfield code="a">531 p. ;</subfield>
    <subfield code="c">35 cm.</subfield>
  </datafield>
  <datafield tag="500" ind1=" " ind2=" ">
    <subfield code="a">Reprint.  Originally published in Ṭihrān, 1880.</subfield>
  </datafield>
  <datafield tag="650" ind1=" " ind2="0">
    <subfield code="a">Arabic language</subfield>
    <subfield code="v">Dictionaries.</subfield>
  </datafield>
  <datafield tag="700" ind1="1" ind2=" ">
    <subfield code="a">Marʻashī Najafī, Shihāb al-Dīn.</subfield>
  </datafield>
  <datafield tag="955" ind1=" " ind2=" ">
    <subfield code="b">0111880082</subfield>
    <subfield code="d">glx</subfield>
    <subfield code="e">PJ6620 .T87 1880a</subfield>
  </datafield>
</record>
</collection>